<record><leader>01507cam a2200385 i 4500</leader><controlfield tag="001">6810977</controlfield><controlfield tag="003">OCoLC</controlfield><controlfield tag="005">20150410092307.0</controlfield><controlfield tag="008">140911t20152015maua     b    001 0 eng  </controlfield><datafield ind1=" " ind2=" " tag="010"><subfield code="a">  2014031042</subfield></datafield><datafield ind1=" " ind2=" " tag="020"><subfield code="a">9780470671641 (cloth)</subfield></datafield><datafield ind1=" " ind2=" " tag="020"><subfield code="a">0470671645 (cloth)</subfield></datafield><datafield ind1=" " ind2=" " tag="035"><subfield code="a">ocn890792818</subfield></datafield><datafield ind1=" " ind2=" " tag="039"><subfield code="a">exclude</subfield></datafield><datafield ind1=" " ind2=" " tag="040"><subfield code="a">DLC</subfield><subfield code="b">eng</subfield><subfield code="e">rda</subfield><subfield code="c">DLC</subfield><subfield code="d">YDXCP</subfield><subfield code="d">BTCTA</subfield><subfield code="d">OCLCO</subfield><subfield code="d">OCLCF</subfield><subfield code="d">CDX</subfield><subfield code="d">BDX</subfield><subfield code="d">AEU</subfield></datafield><datafield ind1=" " ind2=" " tag="042"><subfield code="a">pcc</subfield></datafield><datafield ind1="0" ind2="0" tag="050"><subfield code="a">PN1995.9.D6</subfield><subfield code="b">C543 2015</subfield></datafield><datafield ind1="0" ind2="0" tag="082"><subfield code="a">070.1/8</subfield><subfield code="2">23</subfield></datafield><datafield ind1=" " ind2=" " tag="090"><subfield code="a">PN1995.9 .D6 C543 2015</subfield><subfield code="b">AEGMCT</subfield></datafield><datafield ind1="0" ind2="2" tag="245"><subfield code="a">A companion to contemporary documentary film /</subfield><subfield code="c">edited by Alexandra Juhasz and Alisa Lebow.</subfield></datafield><datafield ind1="3" ind2=" " tag="246"><subfield code="a">Contemporary documentary film</subfield></datafield><datafield ind1=" " ind2="1" tag="264"><subfield code="a">Malden, MA :</subfield><subfield code="b">John Wiley &amp; Sons Inc.,</subfield><subfield code="c">2015.</subfield></datafield><datafield ind1=" " ind2="4" tag="264"><subfield code="c">&#169;2015</subfield></datafield><datafield ind1=" " ind2=" " tag="300"><subfield code="a">xvi, 674 pages :</subfield><subfield code="b">illustrations ;</subfield><subfield code="c">26 cm</subfield></datafield><datafield ind1=" " ind2=" " tag="336"><subfield code="a">text</subfield><subfield code="2">rdacontent</subfield></datafield><datafield ind1=" " ind2=" " tag="337"><subfield code="a">unmediated</subfield><subfield code="2">rdamedia</subfield></datafield><datafield ind1=" " ind2=" " tag="338"><subfield code="a">volume</subfield><subfield code="2">rdacarrier</subfield></datafield><datafield ind1=" " ind2=" " tag="504"><subfield code="a">Includes bibliographical references and index.</subfield></datafield><datafield ind1=" " ind2=" " tag="596"><subfield code="a">29</subfield></datafield><datafield ind1=" " ind2="0" tag="650"><subfield code="a">Documentary films</subfield><subfield code="x">History and criticism.</subfield></datafield><datafield ind1="1" ind2=" " tag="700"><subfield code="a">Juhasz, Alexandra,</subfield><subfield code="e">editor.</subfield></datafield><datafield ind1="1" ind2=" " tag="700"><subfield code="a">Lebow, Alisa,</subfield><subfield code="e">editor.</subfield></datafield><datafield ind1="0" ind2="8" tag="776"><subfield code="i">Online version:</subfield><subfield code="t">Companion to contemporary documentary film</subfield><subfield code="d">Malden, MA : John Wiley &amp; Sons Inc., 2015</subfield><subfield code="z">9781118884447</subfield><subfield code="w">(DLC) 2014036361</subfield></datafield><datafield ind1=" " ind2=" " tag="949"><subfield code="a">PN1995.9 .D6 C543 2015</subfield><subfield code="h">GMCT-OS-B</subfield><subfield code="i">1007411414</subfield><subfield code="p">236.11</subfield><subfield code="k">AVAIL_SOON</subfield></datafield><datafield ind1=" " ind2=" " tag="926"><subfield code="a">PN1995.9 .D6 C543 2015</subfield><subfield code="w">LC</subfield><subfield code="c">1</subfield><subfield code="i">1007411414</subfield><subfield code="d">9/29/2016</subfield><subfield code="e">8/24/2016</subfield><subfield code="l">ON_SHELF</subfield><subfield code="m">GR_MACEWAN</subfield><subfield code="n">5</subfield><subfield code="p">$236.11</subfield><subfield code="r">Y</subfield><subfield code="s">Y</subfield><subfield code="t">BOOK</subfield><subfield code="u">4/14/2015</subfield></datafield></record>